<?xml version="1.0" encoding="UTF-8"?><collection xmlns="http://www.loc.gov/MARC21/slim"><record><leader>00362nam--2200121-i-4500</leader><controlfield tag="001">000047624</controlfield><controlfield tag="002">20161230</controlfield><controlfield tag="005">20161230201046</controlfield><controlfield tag="008">060222s1000------------r-----000-0-eng-d</controlfield><datafield ind1=" " ind2=" " tag="080"><subfield code="a">001.891</subfield></datafield><datafield ind1=" " ind2=" " tag="245"><subfield code="a">World directory of national science policymaking bodies: vol.2. asia and oceania</subfield></datafield><datafield ind1=" " ind2=" " tag="260"><subfield code="a">London, Unesco, Francis Hodgson Ltd., 1968, Ix + 157p</subfield></datafield><datafield ind1=" " ind2=" " tag="852"><subfield code="a">27425</subfield></datafield></record></collection>